%% This BibTeX bibliography file was created using BibDesk.
%% http://bibdesk.sourceforge.net/

%% Created for Sun&KK at 2017-12-01 16:09:04 -0600 


%% Saved with string encoding Unicode (UTF-8) 


@article{kuang2007icam06,
  title={iCAM06: A refined image appearance model for HDR image rendering},
  author={Kuang, Jiangtao and Johnson, Garrett M and Fairchild, Mark D},
  journal={Journal of Visual Communication and Image Representation},
  volume={18},
  number={5},
  pages={406--414},
  year={2007},
  publisher={Elsevier}
}


@inproceedings{krawczyk2005lightness,
  title={Lightness perception in tone reproduction for high dynamic range images},
  author={Krawczyk, Grzegorz and Myszkowski, Karol and Seidel, Hans-Peter},
  booktitle={Computer Graphics Forum},
  volume={24},
  number={3},
  pages={635--645},
  year={2005},
  organization={Wiley Online Library}
}

@article{livingstone2002vision,
  title={Vision and Art: The Biology of Seeing (New York: Harry N. Abrams)},
  author={Livingstone, Margaret},
  journal={Inc. Publishers},
  year={2002}
}

@misc{hunt1987reproduction,
  title={The Reproduction of Colour in Photography, Printing and Television, (Tolworth, England},
  author={Hunt, RWG},
  year={1987},
  publisher={Fountain Press}
}

@article{adams1981print,
  title={The Print, The Ansel Adams Photography Series 3},
  author={Adams, Ansel},
  journal={Little, Brown and Compagny},
  year={1981}
}

@inproceedings{qiu2006tone,
  title={Tone mapping for hdr image using optimization a new closed form solution},
  author={Qiu, Guoping and Guan, Jian and Duan, Jian and Chen, Min},
  booktitle={Pattern Recognition, 2006. ICPR 2006. 18th International Conference on},
  volume={1},
  pages={996--999},
  year={2006},
  organization={IEEE}
}

@article{reinhard2002photographic,
  title={Photographic tone reproduction for digital images},
  author={Reinhard, Erik and Stark, Michael and Shirley, Peter and Ferwerda, James},
  journal={ACM transactions on graphics (TOG)},
  volume={21},
  number={3},
  pages={267--276},
  year={2002},
  publisher={ACM}
}

@inproceedings{devlin2002star,
  title={Star report on tone reproduction and physically based spectral rendering},
  author={Devlin, Kate and Chalmers, Alan and Wilkie, Alexander and Purgathofer, Werner},
  booktitle={Eurographics 2002},
  year={2002},
  organization={Eurographics Association}
}

@article{fairchild2004icam,
  title={iCAM framework for image appearance, differences, and quality},
  author={Fairchild, Mark D and Johnson, Garrett M},
  journal={Journal of Electronic Imaging},
  volume={13},
  number={1},
  pages={126--138},
  year={2004},
  publisher={International Society for Optics and Photonics}
}

@inproceedings{johnson2003rendering,
  title={Rendering HDR images},
  author={Johnson, Garrett M and Fairchild, Mark D},
  booktitle={Color and Imaging Conference},
  volume={2003},
  number={1},
  pages={36--41},
  year={2003},
  organization={Society for Imaging Science and Technology}
}

@inproceedings{durand2002fast,
  title={Fast bilateral filtering for the display of high-dynamic-range images},
  author={Durand, Fr{\'e}do and Dorsey, Julie},
  booktitle={ACM transactions on graphics (TOG)},
  volume={21},
  number={3},
  pages={257--266},
  year={2002},
  organization={ACM}
}

@inproceedings{yamaguchi2004study,
  title={A study of simultaneous lightness perception for stimuli with multiple illumination levels},
  author={Yamaguchi, Hiroshi and Fairchild, Mark},
  booktitle={Color and Imaging Conference},
  volume={2004},
  number={1},
  pages={22--28},
  year={2004},
  organization={Society for Imaging Science and Technology}
}

@article{hunt1967reproduction,
  title={The reproduction of colour},
  author={Hunt, Robert William Gainer},
  year={1967},
  publisher={John Wiley and Sons.}
}
